2242 3892
350 274 573 365 Quod
602 273 678 345 in
700 273 1084 348 vernacula
1127 272 1362 372 lingua
1398 273 1694 351 feliciter
1720 291 2054 350 executus
2091 360 2098 365 ‚

254 369 354 442 est
385 372 680 471 scriptor
707 372 1017 449 Gallicus
1043 427 1067 463 ,
1106 373 1181 444 id
1213 374 1285 445 in
1317 371 1558 447 Latina
1599 373 1649 445 s1
1673 386 2060 465 tentarem,

233 492 490 564 -operae
589 470 842 545 retium
901 470 1033 545 effe
1091 497 1206 544 me
1256 471 1592 547 fasturum
1643 470 2062 546 existimavi.

251 566 501 667 Neque
558 564 775 659 efellit
815 594 1053 644 meum
1098 571 1280 643 inter
1328 572 1407 644 &
1449 570 1633 643 illius
1665 572 2058 666 incoeptum

255 669 596 761 quantum
625 664 993 741 interesset.
1023 669 1450 767 Singularem
1475 669 1660 742 enim
1691 665 2063 742 Clarissimi

251 764 420 835 Viri
466 764 1155 865 perspicaciamnon
1193 769 1444 866 parum
1505 765 1776 861 adjuvit
1838 765 2065 839 nativi

258 859 596 937 sermonis
663 864 1068 963 quotidiana
1133 869 1212 939 &
1264 866 1636 941 commoda
1689 864 2006 938 trastatio
2039 915 2065 951 ‚

266 961 480 1034 vivos
504 964 899 1060 appellandi
927 963 1136 1062 copia
1154 1020 1181 1056 ,
1210 967 1289 1038 &
1315 965 1592 1038 'crebrae
1622 988 1781 1038 cum
1809 961 2074 1038 doffis-

168 1128 181 1143 x
260 1057 446 1132 funis
495 1062 573 1134 &
624 1060 1020 1135 acutiffimis
1071 1064 1243 1138 viris
1293 1063 1379 1138 de
1432 1062 1818 1138 verborum
1871 1059 2070 1136 sensu

262 1154 828 1256 disceptationes,
902 1161 1082 1235 Mihi
1134 1159 1332 1237 veron
1361 1159 1817 1261 praeterquam
1869 1159 2069 1260 quod

266 1255 360 1327 ab
422 1256 541 1330 illa
604 1256 968 1356 sagacitate
1037 1259 1250 1359 longe
1322 1258 1557 1334 absum
1613 1314 1637 1351 ,
1706 1259 1893 1332 haud
1966 1257 2072 1331 ita

260 1352 623 1429 familiaris
663 1360 741 1430 &
786 1358 1005 1435 obvia
1049 1355 1184 1431 fuit
1228 1359 1302 1431 in
1347 1355 1579 1456 lingua
1619 1358 1851 1432 veteri
1892 1382 2067 1431 ver-
2133 1436 2158 1455 ,

268 1452 535 1527 borum
582 1455 970 1555 proprietas
993 1510 1016 1546 ‚
1072 1458 1152 1530 δε
1198 1454 1564 1555 multiplex
1629 1450 2075 1530 locutionum

227 1548 451 1625 -usus.
522 1556 850 1647 Mortuos
914 1555 1369 1653 interroganti
1439 1580 1584 1628 non
1651 1553 2076 1651 respondent

274 1649 567 1723 Manes:
619 1651 960 1727 dubitanti
1028 1678 1172 1727 non
1241 1650 1444 1726 licuit
1516 1674 1679 1726 cum
1741 1651 1926 1744 Livii
1991 1652 2078 1723 δε

281 1745 650 1822 Ciceronis
703 1751 1080 1850 aequalibus
1133 1746 1585 1823 confabulari.
1649 1751 1741 1822 At
1788 1748 1908 1820 ista
1957 1772 2082 1824 me

270 1864 427 1918 non
468 1844 802 1922 deterruit
850 1849 1085 1946 operis
1137 1846 1526 1922 difficultas.
1572 1845 1797 1945 Spirat
1844 1845 2084 1925 adhuc

277 1941 358 2012 in
404 1945 694 2043 egregiis
741 1946 1188 2046 antiquorum
1233 1942 1832 2019 lucubrationibus
1884 1943 2075 2043 ipso-

282 2064 440 2117 rum
487 2067 679 2116 mens
707 2098 729 2135 ‚
774 2070 926 2143 quae
985 2041 1167 2143 pene
1230 2060 1380 2117 tota
1436 2044 1508 2117 in
1564 2041 1942 2143 legentium
1996 2044 2080 2121 δε

258 2136 541 2213 :assidue
572 2142 1055 2215 meditantium
1094 2141 1363 2216 animos
1387 2140 1904 2216 transfunditur.
1935 2143 2084 2216 Oc-
2237 2188 2241 2221 ;

288 2236 475 2309 culta
524 2263 669 2312 non
716 2239 985 2338 semper
1030 2240 1306 2339 fugiunt
1354 2240 1896 2338 investigantem.
1973 2241 2085 2312 Si·-
2142 2240 2146 2247 ’

286 2335 481 2407 milia
508 2337 633 2411 vix
664 2336 915 2414 fallunt
942 2340 1028 2412 ab
1068 2340 1262 2412 omni
1294 2356 1488 2437 parte
1538 2356 2080 2434 comparantem.

287 2435 536 2534 Neque
566 2436 748 2511 adeo
771 2464 993 2536 pauca
1017 2437 1372 2535 supersunt
1382 2436 1783 2510 Latinorum
1806 2434 2085 2533 scripta,

287 2552 368 2605 ut
414 2559 559 2607 non
601 2533 757 2611 satis
809 2532 1047 2652 ampla
1092 2536 1408 2635 suppetat
1451 2532 1857 2608 conferendi
1906 2533 2084 2607 inter

287 2628 399 2721 se,
435 2634 513 2704 &
541 2636 946 2734 opponendi
977 2637 1313 2724 materia,
1360 2658 1491 2705 nec
1535 2631 1733 2731 possit
1776 2630 2088 2713 obscuris

280 2729 670 2829 ⁸quidquam
718 2734 1040 2807 ¹alicunde
1088 2733 1265 2807 lucis
1298 2730 1545 2807 afferri.
1593 2756 1597 2761 ·

394 2832 660 2902 Verum
702 2832 825 2929 qui
860 2833 1234 2932 plurimum
1280 2831 1350 2903 in
1394 2828 1578 2905 hisce
1620 2828 1899 2921 videat,
1926 2855 2088 2906 eum

294 2950 440 2999 non
492 2929 714 3002 modo
769 2931 1291 3031 perspicacem,
1356 2926 1472 3002 sed
1526 2928 1856 3001 etiam-in
1906 2931 2087 3003 anti-

288 3051 597 3123 ‘quorum
652 3030 948 3104 lectione
1008 3030 1099 3104 fic
1152 3045 1437 3129 oportet
1495 3025 1631 3100 effe
1683 3025 2088 3113 versatum,

295 3142 375 3196 ut
401 3126 652 3221 optimi
694 3125 1020 3229 cujusque
1047 3128 1398 3227 scriptoris
1434 3125 1792 3225 ingenium
1820 3123 2091 3221 penitus

296 3223 484 3320 quafi
539 3226 1011 3318 combiberit,
1062 3218 1139 3299 ἃ
1195 3227 1280 3298 ad
1337 3224 1720 3297 verborum
1780 3223 2089 3305 omnium

297 3320 447 3394 vim
520 3325 598 3397 δέ
666 3325 1216 3400 collocatiooem
1278 3321 1667 3396 attenderit.
1734 3319 1910 3395 Mihi
1972 3319 2091 3418 qui

286 3422 725 3521 ,permultum
780 3425 854 3499 in
902 3421 1401 3525 docendoffiin
1435 3418 1765 3497 discendo
1819 3419 2096 3510 minus,
2137 3432 2144 3437 “
