2242 3892
264 262 475 358 quam
500 259 679 355 inter
707 256 943 333 affines
981 283 1064 332 ac
1097 258 1324 357 prope
1360 277 1690 359 cognatas
1723 257 2067 354 ejusmodi

170 424 179 431 .
266 384 488 435 voces
531 361 860 433 alterutra
909 356 1108 455 poffit
1158 359 1658 458 nonnunquam
1697 357 2065 457 usurpari,

266 476 571 532 attamen
624 456 892 553 semper
938 455 1284 554 optimum
1309 510 1332 547 ‚
1386 456 1567 554 saepe
1611 455 2067 533 necefl‘arium

249 557 404 635 verit
450 580 709 631 vocem
753 555 940 629 illam
983 556 1023 628 ὲ
1057 553 1317 628 familia
1367 552 1652 655 seligere
1684 608 1709 647 ,
1750 581 1910 652 quae
1959 553 2069 626 rei

259 656 350 725 &
391 654 695 751 tempori
743 671 904 726 nata
956 653 1175 752 magis
1199 708 1222 744 ‚
1272 653 1480 752 quam
1530 653 2070 728 accommodata

249 751 617 829 ·.videatur.
666 750 850 850 Ergo
903 770 982 835 ut
1022 750 1294 826 facilius
1348 750 1832 851 dignoscantur
1853 806 1879 841 ‚
1928 775 2069 823 nec

264 849 486 922 altera
520 852 595 923 in
631 850 910 924 alterius
946 849 1189 923 locum
1226 851 1490 925 temere
1534 874 1616 923 ac
1664 848 2064 949 promiscue

265 945 566 1043 obrepat
591 1002 617 1038 ,
665 947 784 1021 sed
841 973 1164 1047 germana
1226 974 1520 1048 quaeque
1586 949 1666 1021 &
1722 972 1853 1046 pro
1902 946 2003 1019 ria
2036 974 2088 1037 ‚·

265 1043 683 1120 famularum
729 1046 934 1119 instar
959 1099 982 1136 ‚
1027 1046 1250 1119 statim
1296 1045 1613 1119 innuenti
1648 1045 1847 1145 praest
1935 1043 2017 1117 fit
2039 1097 2068 1136 ‚

266 1140 598 1241 lingum,
637 1171 790 1245 quae
887 1145 1122 1217 uidem
1173 1143 1343 1218 mihi
1390 1145 1463 1217 in
1496 1154 1804 1217 mentem
1847 1142 2073 1219 vene-'-

222 1270 235 1277 “
271 1258 434 1312 runt
459 1295 481 1330 ,
510 1240 627 1316 sua
650 1242 819 1317 nota
871 1243 1143 1341 ignavi,
1176 1243 1446 1316 illarum
1480 1244 1629 1318 vim
1653 1241 2075 1316 &indolem

273 1338 319 1410 a
357 1341 590 1436 primis
614 1395 638 1435 ,
688 1342 812 1415 'ubi
861 1341 1062 1415 licuit
1083 1396 1107 1433 ‚
1160 1340 1521 1415 elementis
1557 1342 1636 1415 &
1664 1339 2017 1415 radicibus
2040 1393 2070 1431 ,

266 1453 357 1509 ‚ut
400 1437 779 1533 plurimum
830 1438 919 1512 ab
964 1438 1133 1531 usu,
1187 1440 1543 1538 colligens·
1973 1520 1978 1525 ,

372 1535 618 1635 Neque
681 1536 852 1610 mihi
919 1562 1189 1629 novum
1253 1539 1333 1610 &
1391 1537 1828 1634 inopinatum
1892 1532 2076 1608 illud

264 1634 652 1722 acciderit,
687 1634 902 1709 sicubi
945 1633 1256 1732 peccaffe
1288 1633 1591 1709 videbor
1615 1637 1695 1709 &
1718 1631 2013 1706 aberaffe
2035 1685 2067 1729 4,

267 1748 399 1803 aut
438 1730 673 1805 facilia
696 1787 724 1824 ‚
768 1732 1067 1831 tritaque
1115 1732 1403 1807 nimium
1453 1729 1854 1831 explicuisse
1875 1785 1899 1820 ‚
1950 1746 2073 1803 aut

270 1831 508 1903 rursus
558 1831 693 1905 alia
739 1829 1056 1903 tenuiore
1111 1827 1234 1904 filo
1275 1828 1703 1911 -discrevifl'e.
1764 1834 1869 1902 Ac
1918 1825 2073 1902 for-

270 1922 449 1998 tasse
492 1953 636 2001 non
673 1953 897 2025 pauca
922 1926 1524 2019 defiderabuntur‚
1554 1954 1709 2027 quae
1743 1926 2070 2025 nimirum

166 2034 171 2039 ’
268 2022 580 2120 fugerint
627 2025 1182 2134 investigantem.
1231 2025 1364 2098 Sed
1400 2050 1625 2123 neque
1663 2050 1890 2097 meam
1938 2022 2073 2096 effe

269 2119 564 2194 confido
589 2149 821 2196 rerum
845 2121 1181 2220 ejusmodi
1207 2123 1642 2221 prudentiam
1666 2176 1690 2213 ‚
1734 2148 1888 2221 quae
1925 2122 2077 2193 nui-

272 2220 488 2314 quam
550 2220 857 2296 offendat
887 2273 911 2310 ‚
972 2247 1128 2318 quae
1198 2220 1370 2294 nihil
1430 2247 1576 2294 non
1636 2221 2075 2317 exploratum

278 2315 534 2390 habeat
578 2321 651 2391 in
682 2317 870 2394 tanta
900 2319 1217 2394 latiffime²
1242 2319 1538 2418 patentis
1578 2319 1807 2414 campi
1844 2316 2078 2392 varie-

278 2431 447 2488 tate.
500 2418 679 2491 Mihi
722 2414 1089 2491 satisfuerit
1112 2471 1136 2508 ‚
1160 2418 1230 2490 -fi
1264 2415 1634 2501 fasciculos
1684 2414 1869 2489 haud
1920 2414 2078 2488 inu-

279 2512 438 2587 tiles
489 2514 588 2587 ibi
634 2514 1050 2613 carpserim,
1104 2516 1293 2592 unde
1341 2515 1734 2588 solertiores
1783 2538 1864 2603 ac
1912 2512 2075 2586 dili-2
2163 2520 2170 2525 “

275 2612 624 2707 gentiores
659 2612 936 2687 meffem
975 2612 1350 2713 aliquando
1379 2611 1640 2712 xpoffint
1673 2610 2075 2689 uberiorem

274 2707 657 2786 devehere.

381 2808 607 2905 Quod
665 2808 714 2883 fi
763 2810 915 2909 quis
971 2836 1058 2882 ex
1111 2810 1285 2884 meis
1337 2807 1937 2885 lucubrationibus
1996 2807 2072 2879 in

272 2901 569 2989 'ruvenes
616 2908 956 2981 bonarum
1002 2910 1386 2985 litterarum
1431 2903 1766 2980 studiosos
1816 2902 2075 2980 frustus

282 3003 685 3078 redundarit
705 3058 726 3095 ,
756 3006 995 3080 totum'
1011 3006 1186 3079 illud
1205 3006 1412 3096 Tibi,
1453 3010 1704 3080 ALMA·
1737 3005 2033 3076 PARENS
2051 3058 2077 3095 ‚

284 3120 656 3199 acceptum
718 3102 950 3179 refero
978 3159 999 3195 ‚
1044 3123 1203 3177 tuus
1253 3102 1369 3175 hic
1422 3099 1869 3192 fructus-est,
1917 3127 2075 3213 quae

283 3224 396 3272 me
420 3190 709 3274 smu‘tuo
745 3204 1107 3305 complexa
1137 3201 1432 3299 benigne
1455 3203 1496 3275 a
1520 3200 1775 3275 teneris
1801 3197 2079 3288 f0v1sti‚

282 3312 556 3398 tuaeque
606 3299 933 3375 doEtrinae
987 3299 1150 3372 cibo
1202 3301 1278 3372 &
1320 3300 1488 3373 lacte
1538 3297 1800 3372 satiasti.
1853 3295 2080 3388 Quid-

285 3398 457 3497 quid
499 3392 731 3477 ohe-ris
771 3401 850 3476 &
887 3399 1145 3477 laboris
1185 3395 1462 3475 sustinui
1484 3453 1514 3492 ,
1542 3390 1874 3496 fingulari‘
1909 3391 2080 3495 qud-
